<record><leader>00000cas a2200000 a 4500</leader><controlfield tag="001">206477133</controlfield><controlfield tag="008">080225d196u1965caumr ne      0    0eng c</controlfield><datafield ind1=" " ind2=" " tag="010"><subfield code="a">sn2008060106</subfield></datafield><datafield ind1=" " ind2=" " tag="040"><subfield code="a">CNK</subfield><subfield code="b">eng</subfield><subfield code="c">CNK</subfield><subfield code="d">OCLCQ</subfield><subfield code="d">OCLCF</subfield><subfield code="d">OCLCO</subfield></datafield><datafield ind1=" " ind2=" " tag="042"><subfield code="a">pcc</subfield></datafield><datafield ind1=" " ind2=" " tag="043"><subfield code="a">n-us-ca</subfield></datafield><datafield ind1="0" ind2=" " tag="130"><subfield code="a">Steppes (Rohnert Park, Calif.)</subfield></datafield><datafield ind1="1" ind2="0" tag="245"><subfield code="a">Steppes.</subfield></datafield><datafield ind1=" " ind2=" " tag="260"><subfield code="a">Rohnert Park, Calif. :</subfield><subfield code="b">Associated Students of Sonoma State College</subfield></datafield><datafield ind1=" " ind2=" " tag="300"><subfield code="a">v.</subfield></datafield><datafield ind1=" " ind2=" " tag="310"><subfield code="a">Monthly</subfield></datafield><datafield ind1="1" ind2=" " tag="362"><subfield code="a">Ceased in 1965.</subfield></datafield><datafield ind1=" " ind2=" " tag="500"><subfield code="a">"Special issue," published June 3, 1965, reporting the California State Colleges' budget crisis.</subfield></datafield><datafield ind1=" " ind2=" " tag="588"><subfield code="a">Description based on: Vol. 4, no. 1 (Oct. 14, 1964).</subfield></datafield><datafield ind1=" " ind2="0" tag="650"><subfield code="a">College students</subfield><subfield code="z">California</subfield><subfield code="v">Newspapers.</subfield></datafield><datafield ind1=" " ind2="0" tag="651"><subfield code="a">Rohnert Park (Calif.)</subfield><subfield code="v">Newspapers.</subfield></datafield><datafield ind1=" " ind2="7" tag="655"><subfield code="a">Newspapers.</subfield><subfield code="2">fast</subfield><subfield code="0">(OCoLC)fst01423814</subfield></datafield><datafield ind1=" " ind2="7" tag="650"><subfield code="a">College students.</subfield><subfield code="2">fast</subfield><subfield code="0">(OCoLC)fst00867976</subfield></datafield><datafield ind1=" " ind2="7" tag="651"><subfield code="a">California.</subfield><subfield code="2">fast</subfield><subfield code="0">(OCoLC)fst01204928</subfield></datafield><datafield ind1=" " ind2="7" tag="651"><subfield code="a">California</subfield><subfield code="z">Rohnert Park.</subfield><subfield code="2">fast</subfield><subfield code="0">(OCoLC)fst01214302</subfield></datafield><datafield ind1=" " ind2=" " tag="752"><subfield code="a">United States</subfield><subfield code="b">California</subfield><subfield code="c">Sonoma</subfield><subfield code="d">Rohnert Park.</subfield></datafield><datafield ind1="0" ind2="0" tag="780"><subfield code="t">Cossack steppes</subfield><subfield code="w">(DLC)sn2008060105</subfield></datafield><datafield ind1="0" ind2="0" tag="785"><subfield code="t">Sonoma State steppes</subfield><subfield code="w">(DLC)sn2008060107</subfield></datafield></record>